<?xml version="1.0" encoding="UTF-8"?><collection xmlns="http://www.loc.gov/MARC21/slim"><record><leader>00407nam--2200133-i-4500</leader><controlfield tag="001">000004760</controlfield><controlfield tag="002">20161230</controlfield><controlfield tag="005">20170207235425</controlfield><controlfield tag="008">060222s1000------------r-----000-0-eng-d</controlfield><datafield ind1=" " ind2=" " tag="100"><subfield code="a">Cunningham, Y. E</subfield></datafield><datafield ind1=" " ind2=" " tag="245"><subfield code="a">Specifications and fabrication procedures for appr-1 core ii stationary fuel elements</subfield></datafield><datafield ind1=" " ind2=" " tag="260"><subfield code="a">Oak Ridge, Tenn</subfield><subfield code="b">U.S.Atomic Energy Comm</subfield><subfield code="c">[1958]</subfield></datafield><datafield ind1=" " ind2=" " tag="300"><subfield code="a">97 p</subfield></datafield><datafield ind1=" " ind2=" " tag="CAT"><subfield code="a">SYS</subfield><subfield code="c">20170207</subfield><subfield code="h">235425</subfield></datafield></record></collection>